
@book{
  introduc2022,
  place={Cheltenham, UK},
  edition={Second edition},
  title={Introduction to cost-benefit analysis: looking for reasonable shortcuts},
  ISBN={978-1-80392-461-8},
  publisher={Edward Elgar Publishing},
year={2022} }

@article{
  osmundsen2012,
  title={Elektrifisering som klimatiltak? En samfunnsøkonomisk analyse},
  ISSN={1890-5250},
  url={https://uis.brage.unit.no/uis-xmlui/handle/11250/181852},
  journal={28-38},
  publisher={Samfunnsøkonomens},
  author={Osmundsen, Petter},
year={2012} }

@article{dagnyd2011,
	title = {Dagny, Draupne and Luno Power from Shore Cooperation Report DOCUMENT FRONT PAGE Dagny, Draupne and Luno Power from Shore Cooperation Report, Including attached Company Specific Reports, Screening Study Phase 1. Document identification (PIMS): NA Classification},
	year = {2011},
	month = {08},
	date = {2011-08},
	url = {https://bellona.org/assets/sites/2/2015/06/fil_Fellesrapport_-_Elektrifisering_Dagny_Draupne_og_Luno.pdf}
}

@article{esteban2021,
	title = {A Decision Analysis Framework for Optimizing Electrification of Offshore Hydrocarbon Production Facilities for CO2 Emission Reduction},
	author = {Esteban, Gabriel},
	year = {2021},
	date = {2021},
	journal = {Unit.no},
	url = {https://uis.brage.unit.no/uis-xmlui/handle/11250/2787107},
	note = {Publisher: uis}
}

@article{fjelde2022,
	title = {Elektrifisering av norsk sokkel},
	author = {Fjelde, Elin},
	year = {2022},
	month = {08},
	date = {2022-08},
	journal = {Duo.uio.no},
	doi = {http://hdl.handle.net/10852/95118},
	url = {https://www.duo.uio.no/handle/10852/95118?show=full}
}

@article{førerel2013,
	title = {Fører elektrifisering av plattformer på norsk sokkel til reduserte CO 2 -utslepp?},
	year = {2013},
	month = {03},
	date = {2013-03},
	url = {https://pub.cicero.oslo.no/cicero-xmlui/bitstream/handle/11250/191958/CICERO_Report_2013-03.pdf?sequence=1&isAllowed=y}
}

@article{gravdal2022,
	title = {Offshore Electrification - An overview of technologies, risks and costs associated to the Norwegian Continental Shelf},
	author = {Gravdal, Marita},
	year = {2022},
	date = {2022},
	journal = {Unit.no},
	url = {https://uis.brage.unit.no/uis-xmlui/handle/11250/3022371},
	note = {Publisher: uis}
}

@misc{https://,
	title = {https://samfunnsokonomene.no/app/uploads/2019/05/Samfunns%C3%B8konomen-1{\_}2012.pdf},
	url = {https://samfunnsokonomene.no/app/uploads/2019/05/Samfunns%C3%B8konomen-1_2012.pdf}
}

@article{jarstø2022,
	title = {FACULTY OF SCIENCE AND TECHNOLOGY MASTER THESIS},
	author = {{Jarstø}, {André Mellemstrand}},
	year = {2022},
	month = {06},
	date = {2022-06},
	url = {https://uis.brage.unit.no/uis-xmlui/bitstream/handle/11250/3022635/no.uis%3Ainspera%3A106559361%3A68549098.pdf}
}

@article{leite2023,
	title = {Offshore Electrification - Cost-Benefit Analysis of the Balder/Grane Electrification Project: Assessing the Viability for National & Global CO2 Emission Reduction},
	author = {Leite, Vermund and Johannessen, Heine Gjesdal},
	year = {2023},
	date = {2023},
	journal = {Unit.no},
	url = {https://uis.brage.unit.no/uis-xmlui/handle/11250/3091452},
	note = {Publisher: uis}
}

@article{skjelle2023,
	title = {Understanding the Connection Between Carbon Lock-in and Electrification of Norwegian Oil and Gas Platforms},
	author = {Skjelle, {Synnøve Andresen}},
	year = {2023},
	date = {2023},
	journal = {Unit.no},
	url = {https://nmbu.brage.unit.no/nmbu-xmlui/handle/11250/3078682},
	note = {Publisher: Norwegian University of Life Sciences}
}

@article{torstveit2023,
	title = {Electrification of the Norwegian continental shelf: Discursive practices from the key actors How do the key actors perceive electrification of the NCS?},
	author = {Torstveit, {Jørgen} and {Tråsavik}, Helene},
	year = {2023},
	date = {2023},
	journal = {Unit.no},
	url = {https://uis.brage.unit.no/uis-xmlui/handle/11250/3089797},
	note = {Publisher: uis}
}

@article{waage2020,
	title = {Is the full electrification of oil and gas offshore fields with renewable energy feasible in order to eliminate all gas turbines from Norwegian Continental Shelf?},
	author = {Waage, Shinya Inui},
	year = {2020},
	date = {2020},
	journal = {Unit.no},
	doi = {https://hdl.handle.net/11250/2723297},
	url = {https://uis.brage.unit.no/uis-xmlui/handle/11250/2723297},
	note = {Publisher: University of Stavanger, Norway}
}
